@misc{Tabuchi2025_I,
  author = {Tabuchi, Mason},
  title  = {iSSB-ΔTheory I: Fundamental Principles},
  year   = {2025},
  note   = {Placeholder}
}

@misc{Tabuchi2025_X,
  author = {Tabuchi, Mason},
  title  = {iSSB-ΔTheory X: Final Constraints},
  year   = {2025},
  note   = {Placeholder}
}
